<record><leader>00000cas a22000001a 4500</leader><controlfield tag="001">22649247</controlfield><controlfield tag="007">hd afu---buca</controlfield><controlfield tag="008">901108d17291778nyuwr nea     0    0eng d</controlfield><datafield ind1=" " ind2=" " tag="010"><subfield code="a">sn 91025266 </subfield></datafield><datafield ind1=" " ind2=" " tag="040"><subfield code="a">GUA</subfield><subfield code="b">eng</subfield><subfield code="c">GUA</subfield><subfield code="d">HUL</subfield><subfield code="d">DLC</subfield><subfield code="d">OCL</subfield><subfield code="d">OCLCF</subfield><subfield code="d">OCLCO</subfield><subfield code="d">OCLCQ</subfield></datafield><datafield ind1=" " ind2=" " tag="012"><subfield code="i">9103</subfield></datafield><datafield ind1=" " ind2=" " tag="042"><subfield code="a">msc</subfield></datafield><datafield ind1=" " ind2=" " tag="043"><subfield code="a">n-us-pa</subfield></datafield><datafield ind1=" " ind2="4" tag="050"><subfield code="a">AN41.P5</subfield><subfield code="b">P4</subfield></datafield><datafield ind1="0" ind2=" " tag="130"><subfield code="a">Pennsylvania gazette (Philadelphia, Pa. : 1729)</subfield></datafield><datafield ind1="1" ind2="4" tag="245"><subfield code="a">The Pennsylvania gazette.</subfield></datafield><datafield ind1=" " ind2=" " tag="260"><subfield code="a">Philadelphia, Pa. :</subfield><subfield code="b">B. Franklin and H. Meredith,</subfield><subfield code="c">1729-1778.</subfield></datafield><datafield ind1=" " ind2=" " tag="300"><subfield code="a">50 volumes ;</subfield><subfield code="c">27-37 cm</subfield></datafield><datafield ind1=" " ind2=" " tag="310"><subfield code="a">Weekly</subfield></datafield><datafield ind1=" " ind2=" " tag="336"><subfield code="a">text</subfield><subfield code="b">txt</subfield><subfield code="2">rdacontent</subfield></datafield><datafield ind1=" " ind2=" " tag="337"><subfield code="a">microform</subfield><subfield code="b">h</subfield><subfield code="2">rdamedia</subfield></datafield><datafield ind1=" " ind2=" " tag="338"><subfield code="a">microfilm reel</subfield><subfield code="b">hd</subfield><subfield code="2">rdacarrier</subfield></datafield><datafield ind1="0" ind2=" " tag="362"><subfield code="a">No. 40 (Sept. 25-Oct. 2, 1729)-no. 2533 (June 20, 1778).</subfield></datafield><datafield ind1=" " ind2=" " tag="500"><subfield code="a">Published at York, Pa., Dec. 20, 1777-June 20, 1778.</subfield></datafield><datafield ind1=" " ind2=" " tag="500"><subfield code="a">Benjamin Franklin was owner and publisher from 1730-1750.</subfield></datafield><datafield ind1=" " ind2=" " tag="500"><subfield code="a">Filmed from the Master held by the Historical Society of Pennsylvania.</subfield></datafield><datafield ind1=" " ind2=" " tag="515"><subfield code="a">Suspended between Nov. 1 and 14, 1765; between Nov. 27, 1776 and Feb. 5, 1777; and between Sept. 10 and Dec. 20, 1777.</subfield></datafield><datafield ind1=" " ind2=" " tag="580"><subfield code="a">German translations of news from Pennsylvania gazette (Philadelphia, Pa. : 1729) appeared in Franklin's: Pensylvanische Fama, oder: Ordentliche Relation derer einlauffenden Neuigkeiten.</subfield></datafield><datafield ind1=" " ind2=" " tag="533"><subfield code="a">Microfilm.</subfield><subfield code="b">New York, N.Y. :</subfield><subfield code="c">Historical Society of Pennsylvania for Graphic Microfilm Corp.</subfield><subfield code="e">18 microfilm reels ; 35 mm.</subfield></datafield><datafield ind1=" " ind2="0" tag="651"><subfield code="a">Philadelphia (Pa.)</subfield><subfield code="v">Newspapers.</subfield></datafield><datafield ind1=" " ind2="7" tag="651"><subfield code="a">Pennsylvania</subfield><subfield code="z">Philadelphia.</subfield><subfield code="2">fast</subfield><subfield code="0">(OCoLC)fst01204170</subfield></datafield><datafield ind1=" " ind2="7" tag="655"><subfield code="a">Newspapers.</subfield><subfield code="2">fast</subfield><subfield code="0">(OCoLC)fst01423814</subfield></datafield><datafield ind1=" " ind2=" " tag="752"><subfield code="a">United States</subfield><subfield code="b">Pennsylvania</subfield><subfield code="c">Philadelphia</subfield><subfield code="d">Philadelphia.</subfield></datafield><datafield ind1=" " ind2=" " tag="752"><subfield code="a">United States</subfield><subfield code="b">Pennsylvania</subfield><subfield code="c">York</subfield><subfield code="d">York.</subfield></datafield><datafield ind1="0" ind2="0" tag="780"><subfield code="t">Universal instructor in all arts and sciences: and Pennsylvania gazette</subfield><subfield code="w">(DLC)sn 91025263</subfield><subfield code="w">(OCoLC)9762920</subfield></datafield><datafield ind1="0" ind2="0" tag="785"><subfield code="t">Pennsylvania gazette and weekly advertiser</subfield><subfield code="w">(DLC)sn 91025265</subfield><subfield code="w">(OCoLC)22649249</subfield></datafield><datafield ind1=" " ind2=" " tag="850"><subfield code="a">MH</subfield></datafield><datafield ind1=" " ind2=" " tag="936"><subfield code="a">INC</subfield></datafield><datafield ind1="1" ind2=" " tag="029"><subfield code="a">AU@</subfield><subfield code="b">000025869521</subfield></datafield></record>